@string{FOCS        = {IEEE Foundations of Computer Science}}
@string{STOC        = {ACM Symposium on Theory of Computing}}
@string{ipl         = "Information Processing Letters"}
@string{ic          = "Information and Control"}
@string{icomp       = "Information and Computation"}
@string{jcss        = "Journal of Computer and System Sciences"}
@string{jacm        = "Journal of the ACM"}
@string{tcs         = "Theoretical Computer Science"}
@string{comtheory   = "Journal of Combinatrical Theory"}
@string{combin      = "Combinatorica"}
@string{complexity  = "Computational Complexity"}
@string{eccc        = "Electronic Colloquium on Computational Complexity"}


@string{focs77     = "Proc. 18th IEEE Symp. on Foundations of Computer
                   Science"}
@string{focs78     = "Proc. 19th IEEE Symp. on Foundations of Computer
                   Science"}
@string{focs79     = "Proc. 20th IEEE Symp. on Foundations of Computer
                   Science"}
@string{focs80     = "Proc. 21st IEEE Symp. on Foundations of Computer
                   Science"}
@string{focs81     = "Proc. 22nd IEEE Symp. on Foundations of Computer
                   Science"}
@string{focs82     = "Proc. 23rd IEEE Symp. on Foundations of Computer
                   Science"}
@string{focs83     = "Proc. 24th IEEE Symp. on Foundations of Computer
                   Science"}
@string{focs84     = "Proc. 25th IEEE Symp. on Foundations of Computer
                   Science"}
@string{focs85     = "Proc. 26th IEEE Symp. on Foundations of Computer
                   Science"}
@string{focs86     = "Proc. 27th IEEE Symp. on Foundations of Computer
                   Science"}
@string{focs87     = "Proc. 28th IEEE Symp. on Foundations of Computer
                   Science"}
@string{focs88     = "Proc. 29th IEEE Symp. on Foundations of Computer
                   Science"}
@string{focs89     = "Proc. 30th IEEE Symp. on Foundations of Computer
                   Science"}
@string{focs90     = "Proc. 31st IEEE Symp. on Foundations of Computer
                   Science"}
@string{focs91     = "Proc. 32nd IEEE Symp. on Foundations of Computer
                   Science"}
@string{focs92     = "Proc. 33rd IEEE Symp. on Foundations of Computer
                   Science"}
@string{focs93     = "Proc. 34th IEEE Symp. on Foundations of Computer
                   Science"}
@string{focs94     = "Proc. 35th IEEE Symp. on Foundations of Computer
                   Science"}
@string{focs95     = "Proc. 36th IEEE Symp. on Foundations of Computer
                   Science"}
@string{focs96     = "Proc. 37th IEEE Symp. on Foundations of Computer
                   Science"}
@string{focs97 = "Proc. 38th IEEE Symp. on Foundations of Computer
                   Science"}
@string{focs98 = "Proc. 39th IEEE Symp. on Foundations of Computer
                   Science"}
@string{focs99 = "Proc. 40th IEEE Symp. on Foundations of Computer
                   Science"}
@string{focs00 = "Proc. 41st IEEE Symp. on Foundations of Computer
                   Science"}
@string{focs01 = "Proc. 42nd IEEE Symp. on Foundations of Computer
                   Science"}
@string{focs02 = "Proc. 43rd IEEE Symp. on Foundations of Computer
                   Science"}
@string{focs03 = "Proc. 44th IEEE Symp. on Foundations of Computer
                   Science"}
@string{focs04 = "Proc. 45th IEEE Symp. on Foundations of Computer
                   Science"}
@string{focs05 = "Proc. 46th IEEE Symp. on Foundations of Computer
                   Science"}
@string{focs06 = "Proc. 47th IEEE Symp. on Foundations of Computer
                   Science"}
@string{focs07 = "Proc. 48th IEEE Symp. on Foundations of Computer
                   Science"}
@string{focs08 = "Proc. 49th IEEE Symp. on Foundations of Computer
                   Science"}
@string{focs09 = "Proc. 50th IEEE Symp. on Foundations of Computer
                   Science"}
@string{focs10 = "Proc. 51st IEEE Symp. on Foundations of Computer
                   Science"}

@string{stoc71 = "Proc. 3rd ACM Symp. on Theory of Computing"}
@string{stoc72 = "Proc. 4th ACM Symp. on Theory of Computing"}
@string{stoc73 = "Proc. 5th ACM Symp. on Theory of Computing"}
@string{stoc74 = "Proc. 6th ACM Symp. on Theory of Computing"}
@string{stoc75 = "Proc. 7th ACM Symp. on Theory of Computing"}
@string{stoc76 = "Proc. 8th ACM Symp. on Theory of Computing"}
@string{stoc77 = "Proc. 9th ACM Symp. on Theory of Computing"}
@string{stoc78 = "Proc. 10th ACM Symp. on Theory of Computing"}
@string{stoc79 = "Proc. 11th ACM Symp. on Theory of Computing"}
@string{stoc80 = "Proc. 12th ACM Symp. on Theory of Computing"}
@string{stoc81 = "Proc. 13th ACM Symp. on Theory of Computing"}
@string{stoc82 = "Proc. 14th ACM Symp. on Theory of Computing"}
@string{stoc83 = "Proc. 15th ACM Symp. on Theory of Computing"}
@string{stoc84 = "Proc. 16th ACM Symp. on Theory of Computing"}
@string{stoc85 = "Proc. 17th ACM Symp. on Theory of Computing"}
@string{stoc86 = "Proc. 18th ACM Symp. on Theory of Computing"}
@string{stoc87 = "Proc. 19th ACM Symp. on Theory of Computing"}
@string{stoc88 = "Proc. 20th ACM Symp. on Theory of Computing"}
@string{stoc89 = "Proc. 21st ACM Symp. on Theory of Computing"}
@string{stoc90 = "Proc. 22nd ACM Symp. on Theory of Computing"}
@string{stoc91 = "Proc. 23rd ACM Symp. on Theory of Computing"}
@string{stoc92 = "Proc. 24th ACM Symp. on Theory of Computing"}
@string{stoc93 = "Proc. 25th ACM Symp. on Theory of Computing"}
@string{stoc94 = "Proc. 26th ACM Symp. on Theory of Computing"}
@string{stoc95 = "Proc. 27th ACM Symp. on Theory of Computing"}
@string{stoc96 = "Proc. 28th ACM Symp. on Theory of Computing"}
@string{stoc97 = "Proc. 29th ACM Symp. on Theory of Computing"}
@string{stoc98 = "Proc. 30th ACM Symp. on Theory of Computing"}
@string{stoc99 = "Proc. 31st ACM Symp. on Theory of Computing"}
@string{stoc00 = "Proc. 32nd ACM Symp. on Theory of Computing"}
@string{stoc01 = "Proc. 33rd ACM Symp. on Theory of Computing"}
@string{stoc02 = "Proc. 34th ACM Symp. on Theory of Computing"}
@string{stoc03 = "Proc. 35th ACM Symp. on Theory of Computing"}
@string{stoc04 = "Proc. 36th ACM Symp. on Theory of Computing"}
@string{stoc05 = "Proc. 37th ACM Symp. on Theory of Computing"}
@string{stoc06 = "Proc. 38th ACM Symp. on Theory of Computing"}
@string{stoc07 = "Proc. 39th ACM Symp. on Theory of Computing"}
@string{stoc08 = "Proc. 40th ACM Symp. on Theory of Computing"}
@string{stoc09 = "Proc. 41st ACM Symp. on Theory of Computing"}
@string{stoc10 = "Proc. 42nd ACM Symp. on Theory of Computing"}

@string{icalp06 = "Proc. Automata, Languages and Programming, 33rd International Colloquium"}
@string{icalp07 = "Proc. Automata, Languages and Programming, 34th International Colloquium"}
@string{icalp08 = "Proc. Automata, Languages and Programming, 35th International Colloquium"}

@INPROCEEDINGS{RaSa,
  author =       {R. ~Raz and S. ~Safra},
  title =        {A Sub-Constant Error-Probability Low-Degree Test and a Sub-Constant Error-Probability \textsc{PCP} Characterization of \textsc{NP}},
  booktitle =    stoc97,
  year =         {1997},
  pages =        {475--484},
}

@ARTICLE{ArSu,
    author =    {S. ~Arora and M. ~Sudan},
    title =     {Improved low-degree testing and its Applications},
    pages =     {365--426},
    year =      {2003},
    journal =   {Combinatorica},
    volume =    {23},
    number =    {3}
}

@ARTICLE{GS,
  author =      {O. ~Goldreich and S. ~Safra},
  title =       {A Combinatorial Consistency Lemma with Application to Proving the \textsc{PCP} Theorem},
  journal =     {SIAM J. Comput.},
  volume =      {29},
  number =      {4},
  pages =       {1132--1154},
  year =        {2000}
}

@INPROCEEDINGS{BSVW,
  author =       {E. ~Ben-Sasson and M. ~Sudan and S. P. ~Vadhan and A. ~Wigderson},
  title =        {Randomness-efficient low degree tests and short \textsc{PCP}s via epsilon-biased sets},
  booktitle =    stoc02,
  pages =        {612--621},
  year =         {2003}
}

@inproceedings{PS,
    author =    {A. ~Polishchuk and D. A. ~Spielman},
    title =     {Nearly-linear size holographic proofs},
    booktitle = stoc94,
    pages =     {194--203},
    year =      {1994}
 }

@article{BLR,
    author =    {M. ~Blum and M. ~Luby and R. ~Rubinfeld},
    title =     {Self-Testing/Correcting with Applications to Numerical Problems},
    journal =   {Journal of Computer and System Sciences},
    volume =    {47},
    number =    {3},
    pages =     {549--595},
    year =      {1993}
}

@inproceedings{GLRSW,
    author =    {P. ~Gemmell and R. J. ~Lipton and R. ~Rubinfeld and M. ~Sudan and A. ~Wigderson},
    title =     {Self-Testing/Correcting for Polynomials and for Approximate Functions},
    booktitle = {\textsc{ACM} Symposium on Theory of Computing},
    pages =     {32--42},
    year =      {1991}
}

% PCP

@article{AS,
    author =    {S. ~Arora and S. ~Safra},
    title =     {Probabilistic checking of proofs: a new characterization of {NP}},
    journal =   jacm,
    volume =    {45},
    number =    {1},
    pages =     {70--122},
    year =      {1998}
}

@article{ALMSS,
 author = {S. ~Arora and C. ~Lund and R. ~Motwani and M. ~Sudan and M. ~Szegedy},
 title = {Proof verification and the hardness of approximation problems},
 journal = jacm,
 volume = {45},
 number = {3},
 year = {1998},
 pages = {501--555},
 publisher = {ACM Press},
 address = {New York, NY, USA}
 }



@inproceedings{LFKN,
    author =    {C. ~Lund and L. ~Fortnow and H. J. ~Karloff and N. ~Nisan},
    title =     {Algebraic Methods for Interactive Proof Systems},
    booktitle = {{IEEE} Symposium on Foundations of Computer Science},
    pages =     {2--10},
    year =      {1990}
}

@INPROCEEDINGS{DFKRS,
    author =    {I. ~Dinur and E. ~Fischer and G. ~Kindler and R. ~Raz and S. ~Safra},
    title =     {\textsc{PCP} Characterizations of \textsc{NP}: Towards a Polynomially-Small Error-Probability},
    booktitle = stoc99,
    pages =     {29--40},
    year =      {1999}
}

@article{GoSu,
 author = {O. ~Goldreich and M. ~Sudan},
 title = {Locally testable codes and \textsc{PCP}s of almost-linear length},
 journal = jacm,
 volume = {53},
 number = {4},
 year = {2006},
 pages = {558--655}
 }

@INPROCEEDINGS{FS,
    author =    {K. ~Friedl and M. ~Sudan},
    title =     {Some Improvements to Low Degree Tests},
    booktitle = {3rd Israel symp. on Theory and Computing Systems},
    year =      {1995}
}

@article{RuSu,
    author =    {R. ~Rubinfeld and M. ~Sudan},
    title =     {Robust Characterizations of Polynomials with Applications to Program Testing},
    journal =   {SIAM Journal on Computing},
    volume =    {25},
    number =    {2},
    pages =     {252--271},
    year =      {1996}
}

% epsilon-bias

@ARTICLE{NN,
   author =      {J. ~Naor and M. ~Naor},
   title =       {Small-Bias Probability Spaces: Efficient Constructions and Applications},
   journal =     sicomp,
   volume =      {22},
   number =      {4},
   pages =       {838--856},
   year =        {1993}
}

@ARTICLE{AGHP,
    author =    {N. ~Alon and O. ~Goldreich and J. ~H{\aa}stad and R. ~Peralta},
    title =     {Simple constructions of almost k-wise independent random variables},
    journal =   {Random Structures and Algorithms},
    volume =    {3},
    pages =     {289--304},
    year =      {1992},
    note =      {Addendum: Random Structures and Algorithms 4:119-120, 1993.}
}

% property testing

@INPROCEEDINGS{GGR,
  author =       {O. ~Goldreich and S. ~Goldwasser and D. Ron},
  title =        {Property Testing and its Connection to Learning and Approximation},
  booktitle =    focs96,
  pages =        {339--348},
  year =         {1996}
}

@inproceedings{AlSh,
 author =        {N. ~Alon and A. ~Shapira},
 title =         {A characterization of easily testable induced subgraphs},
 booktitle =     {Proceedings of the 15th annual ACM-SIAM symposium on Discrete algorithms},
 year =          {2004},
 pages =         {942--951},
 location =      {New Orleans, Louisiana},
 publisher =     {Society for Industrial and Applied Mathematics}
}

@ARTICLE{STV,
  AUTHOR =       {M. ~Sudan and L. ~Trevisan and S. P. ~Vadhan},
  TITLE =        {Pseudorandom Generators without the \textsc{XOR} Lemma},
  JOURNAL =      {J. Comput. Syst. Sci.},
  YEAR =         {2001},
  volume =       {62},
  number =       {2},
  pages =        {236--266}
}

@inproceedings{KR,
  AUTHOR =       {T. ~Kaufman and D. ~Ron},
  TITLE =        {Testing Polynomials over General Fields},
  booktitle =    focs04,
  YEAR =         {2004},
  pages =        {413--422}
}

@article{BGHSV,
 author = {E. ~Ben-Sasson and O. ~Goldreich and P. ~Harsha and M. ~Sudan and S. ~Vadhan},
 title = {Robust \textsc{PCP}s of Proximity, Shorter \textsc{PCP}s, and Applications to Coding},
 journal = sicomp,
 volume = {36},
 number = {4},
 year = {2006},
 pages = {889--974}
 }

@ARTICLE{BFL,
    author =    {L. ~Babai and L. ~Fortnow and C. ~Lund},
    title =     {Nondeterministic Exponential Time Has Two-Prover Interactive Protocols},
    journal =   complexity,
    volume =    {1},
    pages =     {3--40},
    year =      {1991}
}

@article{FGLSS,
 author = {U. ~Feige and S. ~Goldwasser and L. ~Lovasz and S. Safra and M. Szegedy},
 title = {Interactive proofs and the hardness of approximating cliques},
 journal = jacm,
 volume = {43},
 number = {2},
 year = {1996},
 pages = {68--292},
 publisher = {ACM Press},
 address = {New York, NY, USA}
 }


@inproceedings{BFLS,
 author =       {L. ~Babai and L. ~Fortnow and L. A. ~Levin and M. ~Szegedy},
 title =        {Checking computations in polylogarithmic time},
 booktitle =    stoc91,
 year =         {1991},
 pages =        {21--32}
 }

 @inproceedings{BGLR,
 author =       {M. ~Bellare and S. ~Goldwasser and C. ~Lund and A. ~Russell},
 title =        {Efficient probabilistically checkable proofs and applications to approximations},
 booktitle =    stoc93,
 year =         {1993},
 pages = {294--304}
 }

@article{Dinur,
 author = {I. ~Dinur},
 title = {The \textsc{PCP} theorem by gap amplification},
 journal = jacm,
 volume = {54},
 number = {3},
 year = {2007},
 pages = {12}
 }

@INPROCEEDINGS{PS,
  AUTHOR =       {A. ~Polishchuk and D. A. ~Spielman},
  TITLE =        {Nearly linear-size holographic proofs},
  BOOKTITLE =    stoc94,
  YEAR =         {1994},
  pages =        {194�-203}
}

@article{DR,
 author = {I. ~Dinur and O. ~Reingold},
 title = {Assignment Testers: Towards a Combinatorial Proof of the \textsc{PCP} Theorem},
 journal = sicomp,
 volume = {36},
 number = {4},
 year = {2006},
 pages = {975--1024}
 }

@inproceedings{BS,
 author = {E. ~Ben-Sasson and M. ~Sudan},
 title = {Simple \textsc{PCP}s with poly-log rate and query complexity},
 booktitle = stoc05,
 year = {2005},
 pages = {266--275}
 }

@BOOK{HT,
  AUTHOR =       {R. ~Hall and G. ~Tenenbaum},
  TITLE =        {Divisors},
  PUBLISHER =    {Cambridge University Press},
  YEAR =         {1988},
  volume =       {90},
  series =       {Cambridge Tracts in Mathematics}
}


@UNPUBLISHED{Ford,
  AUTHOR =       {K. ~Ford},
  TITLE =        {The distribution of integers with a divisor in a given interval},
  year =         {2004}
}

@article{MR,
    AUTHOR =     {D. ~Moshkovitz and R. ~Raz},
    TITLE =      {Sub-Constant Error Low Degree Test of Almost-Linear Size},
    journal =    sicomp,
    volume =     {38},
    number =     {1},
    YEAR =       {2008},
    pages =      {140--180}
}

@BOOK{RandomizedMethods,
  AUTHOR =       {O. ~Goldreich},
  TITLE =        {Lecture Notes for the Course Randomized Methods in Computation; Lecture 12, Hitters and Samplers,
  available at http://www.wisdom.weizmann.ac.il/$\sim$ oded/rnd.html},
}

@TECHREPORT{MR-PCP,
  AUTHOR =       {D. ~Moshkovitz and R. ~Raz},
  TITLE =        {Sub-Constant Error Probabilistically Checkable Proof of Almost-Linear Size},
  institution =  {Electronic Colloquium on Computational Complexity},
  number =       {TR07-026},
  YEAR =         {2007}
}

@article{AC,
 author =           {N. ~Alon and F. R. K. ~Chung},
 title =            {Explicit construction of linear sized tolerant networks},
 journal =          {Discrete Math.},
 volume =           {72},
 number =           {1--3},
 year =             {1988},
 pages =            {15--19}
}

@ARTICLE{LPS,
  AUTHOR =       {A. ~Lubotzky and R. ~Phillips and P. ~Sarnak},
  TITLE =        {Ramanujan Graphs},
  JOURNAL =      combin,
  YEAR =         {1988},
  volume =       {8},
  number =       {3},
  pages =        {261--277}
}

@TECHREPORT{GUV,
    AUTHOR =    {V. ~Guruswami and C. ~Umans and S. ~Vadhan},
    TITLE =     {Extractors and condensers from univariate polynomials},
    INSTITUTION ={ECCC Report TR06-134}
}

@article{Zuc,
 author = {D. Zuckerman},
 title = {Randomness-optimal oblivious sampling},
 journal = {Random Structures and Algorithms},
 volume = {11},
 number = {4},
 year = {1997},
 pages = {345--367}
 }

@TECHREPORT{G,
    author = {O. ~Goldreich},
    title = {A Sample of Samplers - A Computational Perspective on Sampling (survey)},
    institution = {ECCC Report TR97-020},
    year = {1997}
 }

@article{coloring,
 author = {E. ~Petrank},
 title = {The hardness of approximation: gap location},
 journal = {Comput. Complex.},
 volume = {4},
 number = {2},
 year = {1994},
 pages = {133--157}
 }

@inproceedings{Khot,
 author = {S. Khot},
 title = {On the power of unique 2-prover 1-round games},
 booktitle = stoc02,
 year = {2002},
 pages = {767--775}
 }

@article{Hol,
  author    = {T. ~Holenstein},
  title     = {Parallel Repetition: Simplification and the No-Signaling
               Case},
  journal   = {Theory of Computing},
  volume    = {5},
  number    = {1},
  year      = {2009},
  pages     = {141-172}
}

@inproceedings{Raz,
    author =    {R. ~Raz},
    title =     {A parallel repetition theorem},
    pages =     {763--803},
    year =      {1998},
    volume =    {27},
    booktitle = sicomp
}

@ARTICLE{Has97,
  author =       {J. ~H{\aa}stad},
  title =        {Some optimal inapproximability results},
  journal =      jacm,
  year =         {2001},
  volume =       {48},
  number =       {4},
  pages =        {798--859}
}

@ARTICLE{HasB,
  author =       {J. ~H{\aa}stad},
  title =        {Clique is hard to approximate within $n^{1-\epsilon}$},
  journal =      {Acta Mathematica},
  volume =       {182},
  pages =        {105--142},
  year =         {1999}
}

@ARTICLE{Feige,
  author =       {U. ~Feige},
  title =        {A Threshold of $\ln n$ for Approximating Set Cover},
  journal =      {Journal of the ACM},
  volume =       {45},
  number =       {4},
  year =         {1998},
  pages =        {634--652}
}

@inproceedings{FK,
 author = {U. ~Feige and J. ~Kilian},
 title = {Impossibility results for recycling random bits in two-prover proof systems},
 booktitle = stoc95,
 year = {1995},
 pages = {457--468}
}

@inproceedings{Hast,
    author = {G. ~Hast},
    title =  {Approximating Max kCSP - outperforming a random assignment with almost a linear factor},
    booktitle = {In Proceedings of the 32nd International Colloquium on Automata, Languages and Programming},
    pages =     {956-�968},
    year =      {2005}
}

@inproceedings{GI,
    author =    {V. ~Guruswami and P. ~Indyk},
    title =     {Linear Time Encodable and List Decodable Codes},
    booktitle = stoc03,
    year =      {2003}
}

@TECHREPORT{B,
  AUTHOR =       {A. ~Bogdanov},
  TITLE =        {Gap amplification fails below 1/2},
  INSTITUTION =  {Comment on ECCC TR05-046, can be found at http://eccc.uni-trier.de/eccc-reports/2005/TR05-046/commt01.pdf},
  YEAR =         {2005}
}

@ARTICLE{PY,
  AUTHOR =       {C. ~Papadimitriou and M. ~Yannakakis},
  TITLE =        {Optimization, approximation and complexity classes},
  JOURNAL =      {Journal of Computer and System Sciences},
  YEAR =         {1991},
  volume =       {43},
  pages =        {425--440}
}

@BOOK{MacWilliamsSloane,
  AUTHOR =       {F. J. ~MacWilliams and N. J. A. ~Sloane},
  TITLE =        {The Theory of Error Correcting Codes},
  PUBLISHER =    {North Holland Publishing Company},
  YEAR =         {1977}
}

@BOOKLET{Sudan,
  TITLE =        {Algorithmic Introduction to Coding Theory},
  author =       {M. ~Sudan},
  howpublished = {Lecture notes appear in http://theory.lcs.mit.edu/$\sim$ madhu/FT01/},
  year =         {2001}
}

@inproceedings{KT,
 author = {J. ~Katz and L. ~Trevisan},
 title = {On the efficiency of local decoding procedures for error-correcting codes},
 booktitle = stoc00,
 year = {2000},
 pages = {80--86}
 }

@article{Y,
 author = {S. ~Yekhanin},
 title = {Towards 3-query locally decodable codes of subexponential length},
 journal = jacm,
 volume = {55},
 number = {1},
 year = {2008},
 pages = {1--16}
 }

@article{BCHKS,
author ={M. ~Bellare and D. ~Coppersmith and J. ~H{\aa}stad and M. ~Kiwi and M. ~Sudan},
title = {Linearity testing in characteristic two},
journal = {IEEE Transactions on Information Theory},
volume = {42},
number = {6},
pages = {1781--1795},
year = {1996}
}

@article{HW,
 author = {J. ~H{\aa}stad and A. ~Wigderson},
 title = {Simple analysis of graph tests for linearity and \textsc{PCP}},
 journal = {Random Structures and Algorithms},
 volume = {22},
 number = {2},
 year = {2003},
 pages = {139--160}
 }

@BOOK{Schmidt,
  AUTHOR =       {W. M. ~Schmidt},
  TITLE =        {Equations over Finite Fields: An Elementary Approach},
  PUBLISHER =    {Kendrick Press},
  YEAR =         {2004}
}

@article{LongCodeSurvey,
 author = {S. ~Khot},
 title = {Guest column: inapproximability results via Long Code based \textsc{PCP}s},
 journal = {SIGACT News},
 volume = {36},
 number = {2},
 year = {2005},
 pages = {25--42}
 }

@inproceedings{BHLM,
  AUTHOR =       {E. ~Ben-Sasson and P. ~Harsha and O. ~Lachish and A. ~Matsliah},
  TITLE =        {Sound 3-query \textsc{PCPP}s are Long},
  booktitle =    icalp08,
  YEAR =         {2008}
}

@article{BGS,
 author = {M. ~Bellare and O. ~Goldreich and M. ~Sudan},
 title = {Free Bits, \textsc{PCP}s, and Nonapproximability---Towards Tight Results},
 journal = sicomp,
 volume = {27},
 number = {3},
 year = {1998},
 pages = {804--915}
 }

@inproceedings{S,
  AUTHOR =       {M. ~Szegedy},
  editor =       {J. Weidermann and P. van Emde Boas and M. Nielsen},
  title =        {Many-Valued Logics and Holographic Proofs},
  booktitle =    {Automata, Languages and Programming, 26th International Colloquium, ICALP 2007. Lecture notes in Computer Science},
  pages =        {676--686},
  PUBLISHER =    {Springer-Verlag},
  YEAR =         {1999}
}

@inproceedings{R,
  AUTHOR =       {A. ~Rao},
  title =        {Parallel Repetition in Projection Games and a Concentration Bound},
  booktitle =    stoc08,
  YEAR =         {2008}
}

@inproceedings{BGKW,
  AUTHOR =       {M. ~Ben-Or and S. ~Goldwasser and J. ~Kilian and A. ~Wigderson},
  title =        {Multi-prover Interactove Proofs: How to Remove The Intractability Assumption},
  booktitle =    stoc88,
  pages =        {113 -- 131},
  YEAR =         {1988}
}

@inproceedings{KW,
 author = {I. ~Kerenidis and R. de ~Wolf},
 title = {Exponential lower bound for 2-query locally decodable codes via a quantum argument},
 booktitle = stoc03,
 year = {2003},
 pages = {106--115}
 }

@inproceedings{ST,
 author = {A. ~Samorodnitsky and L. ~Trevisan},
 title = {A \textsc{PCP} characterization of \textsc{NP} with optimal amortized query complexity},
 booktitle = stoc00,
 year = {2000},
 pages = {191--199}
 }

 @article{EH,
 author = {L. ~Engebretsen and J. ~Holmerin},
 title = {Towards optimal lower bounds for clique and chromatic number},
 journal = {Theor. Comput. Sci.},
 volume = {299},
 number = {1--3},
 year = {2003},
 pages = {537--584},
 note = {A preliminary version appearred as
 ``The Clique is hard to approximate within $n^{1-o(1)}$'' in
 the Proceedings of 27th International Colloquium on Automata, Languages and Programming, 2000.}
 }

@inproceedings{BeSu,
 author = {M. ~Bellare and M. ~Sudan},
 title = {Improved non-approximability results},
 booktitle = stoc94,
 year = {1994},
 pages = {184--193}
 }

 @inproceedings{Khot01,
 author = {S. ~Khot},
 title = {Improved Inapproximability Results for MaxClique, Chromatic Number and Approximate Graph Coloring},
 booktitle = focs01,
 year = {2001},
 pages = {600--609}
 }

 @article{BH,
 author = {R. ~Boppana and M. M. ~Halld\'{o}rsson},
 title = {Approximating maximum independent sets by excluding subgraphs},
 journal = {BIT},
 volume = {32},
 number = {2},
 year = {1992},
 pages = {180--196}
 }

 @article{H,
 author = {M. M. ~Hall\'{o}rsson},
 title = {A still better performance guarantee for approximate graph coloring},
 journal = {Inf. Process. Lett.},
 volume = {45},
 number = {1},
 year = {1993},
 pages = {19--23}
 }

@article{FeKi,
author = {U. ~Feige and J. ~Kilian},
title = {Zero Knowledge and the Chromatic Number},
journal = jcss,
volume = {57},
number = {2},
year = {1998},
pages = {187--199}
}

@ARTICLE{MR08,
  AUTHOR =       {D. ~Moshkovitz and R. ~Raz},
  TITLE =        {Two Query \textsc{PCP} with Sub-Constant Error},
  journal   = jacm,
  volume    = {57},
  number    = {5},
  year      = {2010},
  pages = {1-29},
}



@inproceedings{KP,
    author = {S. ~Khot and A. K. ~Ponnuswami},
    title = {Better Inapproximability Results for MaxClique, Chromatic Number and Min-3Lin-Deletion},
    booktitle = icalp06,
    year = {2006},
    pages = {226--237}
}

@INBOOK{Shaltiel,
  AUTHOR =       {R. ~Shaltiel},
  editor =       {G. ~Paun and G. ~Rozenberg and A. Salomaa},
  TITLE =        {Current trends in theoretical computer science. The Challenge of the New Century.},
  CHAPTER =      {Recent developments in extractors},
  YEAR =         {2004},
  volume =       {1: Algorithms and Complexity}
}

@article{GR,
 author = {V. ~Guruswami and P. ~Raghavendra},
 title = {Hardness of Solving Sparse Overdetermined Linear Systems: A 3-Query \textsc{PCP} over Integers},
journal = {ACM Trans. Comput. Theory},
 volume = {1},
 number = {2},
 year = {2009},
 issn = {1942-3454},
 pages = {1--20}
 }

@inproceedings{HK,
 author = {J. ~Holmerin and S. ~Khot},
 title = {A new \textsc{PCP} outer verifier with applications to homogeneous linear equations and max-bisection},
 booktitle = stoc04,
 year = {2004},
 pages = {11--20}
 }

@inproceedings{AKKSTV,
 author = {S. ~Arora and S. A. ~Khot and A. ~Kolla and D. ~Steurer and M. ~Tulsiani and N. ~Vishnoi},
 title = {Unique games on expanding constraint graphs are easy: extended abstract},
 booktitle = stoc08,
 year = {2008},
 pages = {21--28}
 }

@ARTICLE{KKMO,
 author = {S. ~Khot and G. ~Kindler and E. ~Mossel and R. ~O'Donnell},
 title = {Optimal inapproximability results for \textsc{MAX-CUT} and other two-variable \textsc{CSP}s?},
 journal = sicomp,
 volume = {37},
 number = {1},
 pages = {319--357},
 year = {2007}
}

@BOOK{P,
author = {D. ~Pollard}, 
title = {A user's guide to measure theoretic probability},
publisher = {Cambridge University Press}, 
year = {2002},
}

@inproceedings{BHHRRS,
 author = {B. ~Barak and M. ~Hardt and I. ~Haviv and A. ~Rao and O. ~Regev and D. ~Steurer},
 title = {Rounding Parallel Repetitions of Unique Games},
 booktitle = focs08,
 year = {2008},
 pages = {374--383}
 }

@article{KlTa,
 author = {J. ~Kleinberg and E. ~Tardos},
 title = {Approximation algorithms for classification problems with pairwise relationships: metric labeling and Markov random fields},
 journal = jacm,
 volume = {49},
 number = {5},
 year = {2002},
 pages = {616--639}
 }

@INPROCEEDINGS{ABS,
title = {Subexponential Algorithms for Unique Games and Related Problems},
author = {S. ~Arora and B. ~Barak and D. ~Steurer},
booktitle = focs10,
year = {2010}
}

@inproceedings{Rag,
  author    = {P. ~Raghavendra},
  title     = {Optimal algorithms and inapproximability results for every
               CSP?},
  booktitle = stoc08,
  year      = {2008},
  pages     = {245--254}
}

@article{KZ,
author = {H. ~Karloff and U. ~Zwick},
title = {A 7/8-Approximation Algorithm for \textsc{MAX 3SAT}?},
journal ={Foundations of Computer Science, Annual IEEE Symposium on},
volume = {0},
year = {1997},
pages = {406}
}

@book{CT,
  author = {T. M. ~Cover and J. ~Thomas},
  publisher = {Wiley},
  title = {Elements of Information Theory},
  year = {1991}
}

@TECHREPORT{KM,
	AUTHOR       = {S. ~Khot and D. ~Moshkovitz},
	TITLE        = {Hardness of Approximately Solving Linear Equations Over Reals},
	INSTITUTION  = {ECCC Report TR10-053},
	YEAR         = {2010}
}
@ARTICLE{GW,
	AUTHOR       = {M. ~Goemans and D. ~Williamson},
	TITLE        = {Improved approximation algorithms for maximum cut and satisfiability problems using semidefinite programming},
	JOURNAL      = jacm,
	YEAR         = {1995},
	VOLUME       = {42},
	NUMBER       = {6},
	PAGES        = {1115-1145}
}

@ARTICLE{Arora98,
  author    = {S. ~Arora},
  title     = {Polynomial Time Approximation Schemes for Euclidean Traveling
               Salesman and other Geometric Problems},
  journal   = {J. ACM},
  volume    = {45},
  number    = {5},
  year      = {1998},
  pages     = {753-782}
}

@ARTICLE{JerrumSV04,
  author    = {Mark Jerrum and
               Alistair Sinclair and
               Eric Vigoda},
  title     = {A polynomial-time approximation algorithm for the permanent
               of a matrix with nonnegative entries},
  journal   = {J. ACM},
  volume    = {51},
  number    = {4},
  year      = {2004},
  pages     = {671-697},
}


@inproceedings{FR04,
  author = {U. ~Feige and D. ~Reichman},
  title = {On Systems of Linear Equations with Two Variables per Equation.},
  booktitle = {APPROX-RANDOM},
  pages = {117-127},
  year = 2004,
}

@inproceedings{Khot10,
  author    = {S. Khot},
  title     = {On the Unique Games Conjecture (Invited Survey)},
  booktitle = {IEEE Conference on Computational Complexity},
  year      = {2010},
  pages     = {99-121},
}

@article{DMR,
  author    = {I. ~Dinur and
               E. ~Mossel and
               O. ~Regev},
  title     = {Conditional Hardness for Approximate Coloring},
  journal   = {SIAM J. Comput.},
  volume    = {39},
  number    = {3},
  year      = {2009},
  pages     = {843-873},
}


@inproceedings{UGCEXP,
  author    = {S. ~Arora and
               S. ~Khot and
               A. ~Kolla and
               D. ~Steurer and
               M. ~Tulsiani and
               N. K. ~Vishnoi},
  title     = {Unique games on expanding constraint graphs are easy: extended
               abstract},
  booktitle = stoc08,
  year      = {2008},
  pages     = {21-28},
}

@inproceedings{PrDs10,
  author    = {P. ~Raghavendra and
               D. ~Steurer},
  title     = {Graph expansion and the unique games conjecture},
  booktitle = stoc10,
  year      = {2010},
  pages     = {755-764},
}

@inproceedings{ABS10,
  author    = {S. ~Arora and
               B. ~Barak and
               D. ~Steurer},
  title     = {Subexponential Algorithms for Unique Games and Related Problems},
  booktitle = focs10,
  year      = {2010},
  pages     = {563-572},
}

@article{KMM11,
  author    = {Alexandra Kolla and
               Konstantin Makarychev and
               Yury Makarychev},
  title     = {How to Play Unique Games against a Semi-Random Adversary},
  journal   = {CoRR},
  volume    = {abs/1104.3806},
  year      = {2011},
}

@article{Kolla11,
  author    = {Alexandra Kolla},
  title     = {Spectral Algorithms for Unique Games},
  journal   = {Computational Complexity},
  volume    = {20},
  number    = {2},
  year      = {2011},
  pages     = {177-206},
}

@article{AIMS10,
  author    = {Sanjeev Arora and
               Russell Impagliazzo and
               William Matthews and
               David Steurer},
  title     = {Improved Algorithms for Unique Games via Divide and Conquer},
  journal   = {Electronic Colloquium on Computational Complexity (ECCC)},
  volume    = {17},
  year      = {2010},
  pages     = {41},
}

@inproceedings{P08,
  author    = {P. ~Raghavendra},
  title     = {Optimal algorithms and inapproximability results for every
               CSP?},
  booktitle = stoc08,
  year      = {2008},
  pages     = {245-254},
}

@article{KKMO07,
  author    = {S. ~Khot and
               G. ~Kindler and
               Elchanan Mossel and
               Ryan O'Donnell},
  title     = {Optimal Inapproximability Results for MAX-CUT and Other
               2-Variable CSPs?},
  journal   = {SIAM J. Comput.},
  volume    = {37},
  number    = {1},
  year      = {2007},
  pages     = {319-357},
}

@book{AB,
  author    = {S. ~Arora and
               B. ~Barak},
  title     = {Computational Complexity - A Modern Approach},
  publisher = {Cambridge University Press},
  year      = {2009},
  isbn      = {978-0-521-42426-4},
  pages     = {I-XXIV, 1-579},
}

@book{PCP,
  AUTHOR =       {P. ~Harsha},
  TITLE =        {Limits of approximation algorithms : PCPs and Unique Games
  available at http://www.tcs.tifr.res.in/$\sim$prahladh/teaching/2009-10/limits/},
  YEAR = {Offered in Spring 2009},
  journal ={ at Tata Institute for Fundamental Research.},
}

@article{IPZ01,
  author    = {R. ~Impagliazzo and
               R. ~Paturi and
               F. ~Zane},
  title     = {Which Problems Have Strongly Exponential Complexity?},
  journal   = {J. Comput. Syst. Sci.},
  volume    = {63},
  number    = {4},
  year      = {2001},
  pages     = {512-530},
}

@TECHREPORT{M11,
  AUTHOR =       {D. ~Moshkovitz},
  TITLE =        {The Projection Games Conjecture and The {NP}-Hardness of ln n-Approximating Set-Cover},
  institution =  {Electronic Colloquium on Computational Complexity},
  number =       {TR11-112},
  YEAR =         {2011}
}

@TECHREPORT{D,
  AUTHOR =       {I. ~Dinur},
  TITLE =        {Probabilistcally Checkable Proofs and Codes},
  institution =  {Plenary Talk at International Congress of Mathematicans (ICM)},
  YEAR =         {2010}
}

@inproceedings{DG08,
  author    = {I. ~Dinur and
               E. ~Goldenberg},
  title     = {Locally Testing Direct Product in the Low Error Range},
  booktitle = {FOCS},
  year      = {2008},
  pages     = {613-622},
}


@article{DM10,
  author    = {I. ~Dinur and
               O. ~Meir},
  title     = {Derandomized Parallel Repetition via Structured PCPs},
  journal   = {Computational Complexity},
  volume    = {20},
  number    = {2},
  year      = {2011},
  pages     = {207-327},
}

@inproceedings{CW09,
  author    = {Qi Cheng and
               Daqing Wan},
  title     = {A deterministic reduction for the gap minimum distance problem:
               [extended abstract]},
  booktitle = {STOC},
  year      = {2009},
  pages     = {33-38},

}

@inproceedings{Khot04,
  author    = {S. ~Khot},
  title     = {Hardness of Approximating the Shortest Vector Problem in
               Lattices},
  booktitle = {FOCS},
  year      = {2004},
  pages     = {126-135},
}


@article{DMS03,
  author    = {I. ~Dumer and
               D. ~Micciancio and
               M. ~Sudan},
  title     = {Hardness of approximating the minimum distance of a linear
               code},
  journal   = {IEEE Transactions on Information Theory},
  volume    = {49},
  number    = {1},
  year      = {2003},
  pages     = {22-37},
}

@techreport{GM11,
 author = {Prasant Gopal and Dana Moshkovitz},
 title = {Making the long code longer: OR Completeness amplification of {PCP}'s},
  institution = { In Preparation. Massachusetts Institute of Technology},
 year= {2011},
}

@book{TSPBOOK,
author = {David L. Applegate and Robert E. Bixby and Vasek Chvátal and William J. Cook},
title = {The Traveling Salesman Problem: A Computational Study},
publisher = {Princeton Series in Applied Mathematics},
year      = {2006},
isbn      = {978-0-691-1-299-38},
}


@article{IJKW,
  author    = {R. ~Impagliazzo and
               R. ~Jaiswal and
               V. ~Kabanets and
               A. ~Wigderson},
  title     = {Uniform Direct Product Theorems: Simplified, Optimized,
               and Derandomized},
  journal   = {SIAM J. Comput.},
  volume    = {39},
  number    = {4},
  year      = {2010},
  pages     = {1637-1665},
}


@inproceedings{GS09,
  author    = {V. ~Guruswami and
               Ali Kemal Sinop},
  title     = {Improved Inapproximability Results for Maximum k-Colorable
               Subgraph},
  booktitle = {APPROX-RANDOM},
  year      = {2009},
  pages     = {163-176},
}


@inproceedings{OW09,
  author    = {R. ~O'Donnell and
               Y. ~Wu},
  title     = {Conditional hardness for satisfiable 3-CSPs},
  booktitle = {STOC},
  year      = {2009},
  pages     = {493-502},
}



@article{ARV,
  author    = {S. ~Arora and
               S. ~Rao and
               U. V. ~Vazirani},
  title     = {Expander flows, geometric embeddings and graph partitioning},
  journal   = {J. ACM},
  volume    = {56},
  number    = {2},
  year      = {2009},
}

@inproceedings{BGGSV,
  author    = {Piyush Bansal and
               Prasant Gopal and
               Anuj Gupta and
                K. Srinathan and
                Pranav K. Vasishta},
  title     = {Byzantine Agreement using partial authentication},
  booktitle = {Distributed Computing},
  year      = {2011},
}

@inproceedings{SGSR,
  author    = {Bhavani Shankar and
               Prasant Gopal and
               Kannan Srinathan and
               C. Pandu Rangan},
  title     = {Unconditionally reliable message transmission in directed
               networks},
  booktitle = {SODA},
  year      = {2008},
  pages     = {1048-1055},
}


@inproceedings{GGBS,
  author    = {Anuj Gupta and
               Prasant Gopal and
               Piyush Bansal and
               Kannan Srinathan},
  title     = {Authenticated Byzantine Generals in Dual Failure Model},
  booktitle = {ICDCN},
  year      = {2010},
  pages     = {79-91},
}

@techreport{ Piyush,
 author = {Piyush Bansal and
           Prasant Gopal and
           Anuj Gupta and
           Kannan Srinathan},
 title = { How to Multiply Linearly Shared Secrets with Constant Communication Complexity? },
 institution = {IIIT, Hyderabad},
 year =  {2011},
}
@techreport{ ITCS,
 author = {Piyush Bansal and
           Prasant Gopal and
           Anuj Gupta and
           Kannan Srinathan},
 title = { A New Look at Composition of Authenticated Byzantine Generals},
 institution = {IIIT, Hyderabad. Submitted to Innovations in Theoretical Computer Science 2011},
 year =  {2012},
}

@TECHREPORT{sample, 
  AUTHOR =       {O. ~Goldreich},
  TITLE =        {A sample of samplers - a computational perspective on sampling.},
  institution =  {Electronic Colloquium on Computational Complexity},
  number =       {TR97-020},
  YEAR =         {1997}
}

@article{Has00,
  author    = {J. H{\aa}stad},
  title     = {On bounded occurrence constraint satisfaction},
  journal   = {Inf. Process. Lett.},
  volume    = {74},
  number    = {1-2},
  year      = {2000},
  pages     = {1-6},
}

@inproceedings{DH,
	author    = {I. ~Dinur and
		P. ~Harsha},
	title     = {Composition of Low-Error 2-Query PCPs Using Decodable PCPs},
	booktitle = {FOCS},
	year      = {2009},
	pages     = {472-481},
	ee        = {http://doi.ieeecomputersociety.org/10.1109/FOCS.2009.8},
}


@inproceedings{IKW,

	author = {R. ~Impagliazzo and  V. ~Kabanets and A. ~Wigderson},

	title = {New direct-product testers and 2-query\textsc{PCP}s},

	booktitle = {Proceedings of the 41st annual ACM symposium on Theory of computing},

	series = {STOC '09},

	year = {2009},

	pages = {131--140},

	numpages = {10}

} 



@inproceedings{K-Survey,

	author = {S. ~Khot}, 

	title = {On the unique games conjecture},

	booktitle = {2010 IEEE 25th Annual Conference on Computational Complexity (CCC)},

	year = {2010},

	pages = {99 -- 121},
}

@book{ECC,
	author = {F.J. MacWilliams and N.J.A. Sloane},
	title = {The Theory of Error-Correcting Codes},
        publisher = {North Holland Mathematical Library},
	volume = {16},
	year = {2006},
}

@article{BMT, 
	author={ Berlekamp, E. and McEliece, R. and van Tilborg, H.}, 
	journal={Information Theory, IEEE Transactions on}, title={On the inherent intractability of certain coding problems (Corresp.)}, 
	year={1978}, 
	month={may}, 
	volume={24}, 
	number={3}, 
	pages={ 384 - 386}, 
	keywords={ Decoding; Linear codes;}, 
	doi={10.1109/TIT.1978.1055873}, 
	ISSN={0018-9448},}

@article{ABSS,
	author = {S. Arora and L. Babai and J. Stern and Z. Sweedyk},
	title = {The hardness of approximate optima in lattices, codes, and systems of linear equations},
	journal ={Foundations of Computer Science, IEEE Annual Symposium on},
	volume = {0},
	isbn = {0-8186-4370-6},
	year = {1993},
	pages = {724-733},
	doi = {http://doi.ieeecomputersociety.org/10.1109/SFCS.1993.366815},
	publisher = {IEEE Computer Society},
	address = {Los Alamitos, CA, USA},
}


@inproceedings{BK,
	author    = {Piotr Berman and
		Marek Karpinski},
	title     = {Approximating minimum unsatisfiability of linear equations},
	booktitle = {SODA},
	year      = {2002},
	pages     = {514-516},
	ee        = {http://doi.acm.org/10.1145/545381.545450},
	bibsource = {DBLP, http://dblp.uni-trier.de}
}


@article{DKRS,
	author    = {Irit Dinur and
		Guy Kindler and
			Ran Raz and
			Shmuel Safra},
	title     = {Approximating CVP to Within Almost-Polynomial Factors is
		NP-Hard},
	journal   = {Combinatorica},
	volume    = {23},
	number    = {2},
	year      = {2003},
	pages     = {205-243},
	ee        = {http://dx.doi.org/10.1007/s00493-003-0019-y},
	bibsource = {DBLP, http://dblp.uni-trier.de}
}

@INPROCEEDINGS{M-proj,
	AUTHOR       = {D. Moshkovitz},
	TITLE        = {The Projection Games Conjecture and the {NP}-Hardness of lnn-Approximating Set-Cover},
	BOOKTITLE    = {APPROX'12},
	YEAR         = {2012}
}


@ARTICLE{CKW,
	AUTHOR       = {M. ~Cygan and L. ~Kowalik and M. ~Wykurz},
	TITLE = 			{Exponential-time approximation of weighted set cover},
   JOURNAL = 		{Inf. Process. Lett.},
   VOLUME = 		{109},
   NUMBER =       {16},
	PAGES = 			{957--961},
	YEAR         = {2009}
}

@INPROCEEDINGS{DG10,
	AUTHOR       = {I. ~Dinur and E. ~Goldenberg},
	TITLE        = {The Structure of Winning Strategies in Parallel Repetition Games},
	BOOKTITLE    = {
APPROX-RANDOM 2010},
	YEAR         = {2010}
}

@article{Feige-Clique,
 author = {U. ~Feige},
 title = {Approximating Maximum Clique by Removing Subgraphs},
 journal = sicomp,
 issue_date = {2005},
 volume = {18},
 number = {2},
 year = {2005},
 pages = {219--225}
} 

@article{Zuc-ext,
  author    = {D. ~Zuckerman},
  title     = {Linear Degree Extractors and the Inapproximability of Max
               Clique and Chromatic Number},
  journal   = {Theory of Computing},
  volume    = {3},
  number    = {1},
  year      = {2007},
  pages     = {103--128}
}

@inproceedings{ST0,
 author = {M. ~Sudan and L. ~Trevisan},
 title = {Probabilistically Checkable Proofs with Low Amortized Query Complexity},
 booktitle = focs98,
 year = {1998},
 pages = {18--27}
} 

@article{BBCKW,
 author = {B. ~Bollob\'{a}s and C. ~Borgs and J. ~Chayes  and J. H. ~Kim and D. B. ~Wilson},
 title = {The scaling window of the 2-{SAT} transition},
 journal = {Random Struct. Algorithms},
 issue_date = {May 2001},
 volume = {18},
 number = {3},
 month = may,
 year = {2001},
 pages = {201--256}
} 
